<?xml version="1.0" encoding="UTF-8" ?>
<marc:collection xmlns:marc="http://www.loc.gov/MARC21/slim"
    xmlns:xsi="http://www.w3.org/2001/XMLSchema-instance"
    xsi:schemaLocation="http://www.loc.gov/MARC21/slim http://www.loc.gov/standards/marcxml/schema/MARC21slim.xsd">
    <marc:record>
        <marc:leader>01651nfm a22003731a 4500</marc:leader>
        <marc:controlfield tag="001">vtls000301049</marc:controlfield>
        <marc:controlfield tag="003">IeDuNL</marc:controlfield>
        <marc:controlfield tag="005">20110727175500.0</marc:controlfield>
        <marc:controlfield tag="007">aj      </marc:controlfield>
        <marc:controlfield tag="008">110727s1809    ie |      a     0 e eng||</marc:controlfield>
        <marc:datafield tag="039" ind1=" " ind2="9">
            <marc:subfield code="y">201107271755</marc:subfield>
            <marc:subfield code="z">VLOAD</marc:subfield>
        </marc:datafield>
        <marc:datafield tag="045" ind1="0" ind2=" ">
            <marc:subfield code="b">1809</marc:subfield>
        </marc:datafield>
        <marc:datafield tag="100" ind1="1" ind2=" ">
            <marc:subfield code="a">Longfield, John,</marc:subfield>
            <marc:subfield code="d">ca. 1775-1833,</marc:subfield>
            <marc:subfield code="e">surveyor</marc:subfield>
        </marc:datafield>
        <marc:datafield tag="245" ind1="1" ind2="2">
            <marc:subfield code="a">A survey of lands at Windgate in the barony of Rathdown and County of Wicklow done for the Rev. Thomas Brownrigg.  By John Longfield. 1809.  Scale 10 perches to an inch.  Table of reference showing tenants and acreage of holdings.</marc:subfield>
        </marc:datafield>
        <marc:datafield tag="260" ind1=" " ind2=" ">
            <marc:subfield code="c">[1809]</marc:subfield>
        </marc:datafield>
        <marc:datafield tag="300" ind1=" " ind2=" ">
            <marc:subfield code="a">1 map</marc:subfield>
        </marc:datafield>
        <marc:datafield tag="522" ind1=" " ind2=" ">
            <marc:subfield code="a">Barony of Rathdown, County Wicklow, Province of Leinster, Ireland.</marc:subfield>
        </marc:datafield>
        <marc:datafield tag="540" ind1=" " ind2=" ">
            <marc:subfield code="a">Reproduction rights owned by National Library of Ireland</marc:subfield>
        </marc:datafield>
        <marc:datafield tag="561" ind1=" " ind2=" ">
            <marc:subfield code="a">Donated by Robert Ormsby Longfield, d. 1908.</marc:subfield>
        </marc:datafield>
        <marc:datafield tag="650" ind1=" " ind2=" ">
            <marc:subfield code="a">Land use surveys</marc:subfield>
            <marc:subfield code="z">Ireland</marc:subfield>
            <marc:subfield code="z">Rathdown (Barony)</marc:subfield>
        </marc:datafield>
        <marc:datafield tag="650" ind1=" " ind2=" ">
            <marc:subfield code="a">Administration of estates</marc:subfield>
            <marc:subfield code="z">Ireland</marc:subfield>
            <marc:subfield code="z">Rathdown (Barony)</marc:subfield>
        </marc:datafield>
        <marc:datafield tag="650" ind1=" " ind2=" ">
            <marc:subfield code="a">Boundaries (Estates)</marc:subfield>
            <marc:subfield code="z">Ireland</marc:subfield>
            <marc:subfield code="z">Rathdown (Barony)</marc:subfield>
        </marc:datafield>
        <marc:datafield tag="650" ind1=" " ind2=" ">
            <marc:subfield code="a">Land tenure</marc:subfield>
            <marc:subfield code="z">Ireland</marc:subfield>
            <marc:subfield code="z">Rathdown (Barony)</marc:subfield>
        </marc:datafield>
        <marc:datafield tag="650" ind1=" " ind2=" ">
            <marc:subfield code="a">Land use surveys</marc:subfield>
            <marc:subfield code="z">Ireland</marc:subfield>
            <marc:subfield code="z">Wicklow (County)</marc:subfield>
        </marc:datafield>
        <marc:datafield tag="650" ind1=" " ind2=" ">
            <marc:subfield code="a">Administration of estates</marc:subfield>
            <marc:subfield code="z">Ireland</marc:subfield>
            <marc:subfield code="z">Wicklow (County)</marc:subfield>
        </marc:datafield>
        <marc:datafield tag="650" ind1=" " ind2=" ">
            <marc:subfield code="a">Boundaries (Estates)</marc:subfield>
            <marc:subfield code="z">Ireland</marc:subfield>
            <marc:subfield code="z">Wicklow (County)</marc:subfield>
        </marc:datafield>
        <marc:datafield tag="650" ind1=" " ind2=" ">
            <marc:subfield code="a">Land tenure</marc:subfield>
            <marc:subfield code="z">Ireland</marc:subfield>
            <marc:subfield code="z">Wicklow (County)</marc:subfield>
        </marc:datafield>
        <marc:datafield tag="651" ind1=" " ind2=" ">
            <marc:subfield code="a">Wicklow (Ireland : County)</marc:subfield>
            <marc:subfield code="v">Maps, Manuscript</marc:subfield>
        </marc:datafield>
        <marc:datafield tag="655" ind1=" " ind2="0">
            <marc:subfield code="a">Manuscript maps</marc:subfield>
        </marc:datafield>
        <marc:datafield tag="700" ind1="1" ind2="0">
            <marc:subfield code="a">Longfield, Robert Ormsby,</marc:subfield>
            <marc:subfield code="d">1844-1908,</marc:subfield>
            <marc:subfield code="e">donor</marc:subfield>
        </marc:datafield>
        <marc:datafield tag="773" ind1="0" ind2=" ">
            <marc:subfield code="i">In collection:</marc:subfield>
            <marc:subfield code="t">Longfield Map Collection</marc:subfield>
            <marc:subfield code="w">(IeDuNL)282687</marc:subfield>
        </marc:datafield>
        <marc:datafield tag="852" ind1=" " ind2=" ">
            <marc:subfield code="a">IeDuNL</marc:subfield>
            <marc:subfield code="b">MS</marc:subfield>
            <marc:subfield code="c">21 F. 49 / (018)</marc:subfield>
        </marc:datafield>
        <marc:datafield tag="949" ind1=" " ind2=" ">
            <marc:subfield code="A">VIRTUAITEM</marc:subfield>
            <marc:subfield code="d">40000</marc:subfield>
            <marc:subfield code="x">24</marc:subfield>
            <marc:subfield code="a">MS 21 F. 49 / (018)</marc:subfield>
        </marc:datafield>
        <marc:datafield tag="996" ind1=" " ind2=" ">
            <marc:subfield code="a">true</marc:subfield>
        </marc:datafield>
    </marc:record>