
    <marc:record>
        <marc:leader>01878nfm a22003731a 4500</marc:leader>
        <marc:controlfield tag="001">vtls000301157</marc:controlfield>
        <marc:controlfield tag="003">IeDuNL</marc:controlfield>
        <marc:controlfield tag="005">20110729161500.0</marc:controlfield>
        <marc:controlfield tag="007">aj      </marc:controlfield>
        <marc:controlfield tag="008">110714s1730    ie |      a     0 e eng||</marc:controlfield>
        <marc:datafield tag="039" ind1=" " ind2="9">
            <marc:subfield code="a">201107291615</marc:subfield>
            <marc:subfield code="b">VLOAD</marc:subfield>
            <marc:subfield code="y">201107271756</marc:subfield>
            <marc:subfield code="z">VLOAD</marc:subfield>
        </marc:datafield>
        <marc:datafield tag="045" ind1="0" ind2=" ">
            <marc:subfield code="b">1730</marc:subfield>
        </marc:datafield>
        <marc:datafield tag="100" ind1="1" ind2=" ">
            <marc:subfield code="a">Cave, Thomas,</marc:subfield>
            <marc:subfield code="d">fl. ca. 1709-1749,</marc:subfield>
            <marc:subfield code="e">surveyor</marc:subfield>
        </marc:datafield>
        <marc:datafield tag="245" ind1="1" ind2="2">
            <marc:subfield code="a">A map of part of the Lands of Glasnevin part of the Estate of the Dean of Christ Church held by John Bayly, copied from a survey made by Richard Francis in the year 1640, and traced out by Thomas Cave in the year 1730.  By a scale of 20 Perches to an Inch</marc:subfield>
        </marc:datafield>
        <marc:datafield tag="260" ind1=" " ind2=" ">
            <marc:subfield code="c">[1730]</marc:subfield>
        </marc:datafield>
        <marc:datafield tag="300" ind1=" " ind2=" ">
            <marc:subfield code="a">1 map</marc:subfield>
        </marc:datafield>
        <marc:datafield tag="522" ind1=" " ind2=" ">
            <marc:subfield code="a">Barony of Coolock, County Dublin, Province of Leinster, Ireland.</marc:subfield>
        </marc:datafield>
        <marc:datafield tag="540" ind1=" " ind2=" ">
            <marc:subfield code="a">Reproduction rights owned by National Library of Ireland</marc:subfield>
        </marc:datafield>
        <marc:datafield tag="561" ind1=" " ind2=" ">
            <marc:subfield code="a">Donated by Robert Ormsby Longfield, d. 1908.</marc:subfield>
        </marc:datafield>
        <marc:datafield tag="650" ind1=" " ind2=" ">
            <marc:subfield code="a">Land use surveys</marc:subfield>
            <marc:subfield code="z">Ireland</marc:subfield>
            <marc:subfield code="z">Coolock (Barony)</marc:subfield>
            <marc:subfield code="v">Early works to 1800</marc:subfield>
        </marc:datafield>
        <marc:datafield tag="650" ind1=" " ind2=" ">
            <marc:subfield code="a">Administration of estates</marc:subfield>
            <marc:subfield code="z">Ireland</marc:subfield>
            <marc:subfield code="z">Coolock (Barony)</marc:subfield>
            <marc:subfield code="v">Early works to 1800</marc:subfield>
        </marc:datafield>
        <marc:datafield tag="650" ind1=" " ind2=" ">
            <marc:subfield code="a">Boundaries (Estates)</marc:subfield>
            <marc:subfield code="z">Ireland</marc:subfield>
            <marc:subfield code="z">Coolock (Barony)</marc:subfield>
            <marc:subfield code="v">Early works to 1800</marc:subfield>
        </marc:datafield>
        <marc:datafield tag="650" ind1=" " ind2=" ">
            <marc:subfield code="a">Land tenure</marc:subfield>
            <marc:subfield code="z">Ireland</marc:subfield>
            <marc:subfield code="z">Coolock (Barony)</marc:subfield>
            <marc:subfield code="v">Early works to 1800</marc:subfield>
        </marc:datafield>
        <marc:datafield tag="650" ind1=" " ind2=" ">
            <marc:subfield code="a">Land use surveys</marc:subfield>
            <marc:subfield code="z">Ireland</marc:subfield>
            <marc:subfield code="z">Dublin (County)</marc:subfield>
            <marc:subfield code="v">Early works to 1800</marc:subfield>
        </marc:datafield>
        <marc:datafield tag="650" ind1=" " ind2=" ">
            <marc:subfield code="a">Administration of estates</marc:subfield>
            <marc:subfield code="z">Ireland</marc:subfield>
            <marc:subfield code="z">Dublin (County)</marc:subfield>
            <marc:subfield code="v">Early works to 1800</marc:subfield>
        </marc:datafield>
        <marc:datafield tag="650" ind1=" " ind2=" ">
            <marc:subfield code="a">Boundaries (Estates)</marc:subfield>
            <marc:subfield code="z">Ireland</marc:subfield>
            <marc:subfield code="z">Dublin (County)</marc:subfield>
            <marc:subfield code="v">Early works to 1800</marc:subfield>
        </marc:datafield>
        <marc:datafield tag="650" ind1=" " ind2=" ">
            <marc:subfield code="a">Land tenure</marc:subfield>
            <marc:subfield code="z">Ireland</marc:subfield>
            <marc:subfield code="z">Dublin (County)</marc:subfield>
            <marc:subfield code="v">Early works to 1800</marc:subfield>
        </marc:datafield>
        <marc:datafield tag="651" ind1=" " ind2=" ">
            <marc:subfield code="a">Dublin (Ireland : County)</marc:subfield>
            <marc:subfield code="x">History</marc:subfield>
            <marc:subfield code="y">18th century</marc:subfield>
            <marc:subfield code="v">Maps, Manuscript</marc:subfield>
        </marc:datafield>
        <marc:datafield tag="655" ind1=" " ind2="0">
            <marc:subfield code="a">Manuscript maps</marc:subfield>
        </marc:datafield>
        <marc:datafield tag="700" ind1="1" ind2="0">
            <marc:subfield code="a">Longfield, Robert Ormsby,</marc:subfield>
            <marc:subfield code="d">1844-1908,</marc:subfield>
            <marc:subfield code="e">donor</marc:subfield>
        </marc:datafield>
        <marc:datafield tag="773" ind1="0" ind2=" ">
            <marc:subfield code="i">In collection:</marc:subfield>
            <marc:subfield code="t">Longfield Map Collection</marc:subfield>
            <marc:subfield code="w">(IeDuNL)282687</marc:subfield>
        </marc:datafield>
        <marc:datafield tag="852" ind1=" " ind2=" ">
            <marc:subfield code="a">IeDuNL</marc:subfield>
            <marc:subfield code="b">MS</marc:subfield>
            <marc:subfield code="c">21 F. 51 / (103)</marc:subfield>
        </marc:datafield>
        <marc:datafield tag="949" ind1=" " ind2=" ">
            <marc:subfield code="A">VIRTUAITEM</marc:subfield>
            <marc:subfield code="d">40000</marc:subfield>
            <marc:subfield code="x">24</marc:subfield>
            <marc:subfield code="a">MS 21 F. 51 / (103)</marc:subfield>
        </marc:datafield>
        <marc:datafield tag="996" ind1=" " ind2=" ">
            <marc:subfield code="a">true</marc:subfield>
        </marc:datafield>
    </marc:record>