
    <marc:record>
        <marc:leader>01568nfm a22003611a 4500</marc:leader>
        <marc:controlfield tag="001">vtls000302446</marc:controlfield>
        <marc:controlfield tag="003">IeDuNL</marc:controlfield>
        <marc:controlfield tag="005">20110727180500.0</marc:controlfield>
        <marc:controlfield tag="007">aj      </marc:controlfield>
        <marc:controlfield tag="008">110727q17701840ie |      a     0 e eng||</marc:controlfield>
        <marc:datafield tag="039" ind1=" " ind2="9">
            <marc:subfield code="y">201107271805</marc:subfield>
            <marc:subfield code="z">VLOAD</marc:subfield>
        </marc:datafield>
        <marc:datafield tag="045" ind1="2" ind2=" ">
            <marc:subfield code="b">1770</marc:subfield>
            <marc:subfield code="b">1840</marc:subfield>
        </marc:datafield>
        <marc:datafield tag="245" ind1="0" ind2="2">
            <marc:subfield code="a">A survey of lands Cloongreaghan Cootehall Moigh and Foxhill in the barony of Boyle and County of Roscommon.  Scale 20 perches to an inch.  Names of tenants and acreage of holdings shown.</marc:subfield>
        </marc:datafield>
        <marc:datafield tag="260" ind1=" " ind2=" ">
            <marc:subfield code="c">[between 1770 and 1840]</marc:subfield>
        </marc:datafield>
        <marc:datafield tag="300" ind1=" " ind2=" ">
            <marc:subfield code="a">1 map</marc:subfield>
        </marc:datafield>
        <marc:datafield tag="522" ind1=" " ind2=" ">
            <marc:subfield code="a">Barony of Boyle, County Roscommon, Province of Connacht, Ireland.</marc:subfield>
        </marc:datafield>
        <marc:datafield tag="540" ind1=" " ind2=" ">
            <marc:subfield code="a">Reproduction rights owned by National Library of Ireland</marc:subfield>
        </marc:datafield>
        <marc:datafield tag="561" ind1=" " ind2=" ">
            <marc:subfield code="a">Donated by Robert Ormsby Longfield, d. 1908.</marc:subfield>
        </marc:datafield>
        <marc:datafield tag="650" ind1=" " ind2=" ">
            <marc:subfield code="a">Land use surveys</marc:subfield>
            <marc:subfield code="z">Ireland</marc:subfield>
            <marc:subfield code="z">Boyle (Barony)</marc:subfield>
        </marc:datafield>
        <marc:datafield tag="650" ind1=" " ind2=" ">
            <marc:subfield code="a">Administration of estates</marc:subfield>
            <marc:subfield code="z">Ireland</marc:subfield>
            <marc:subfield code="z">Boyle (Barony)</marc:subfield>
        </marc:datafield>
        <marc:datafield tag="650" ind1=" " ind2=" ">
            <marc:subfield code="a">Boundaries (Estates)</marc:subfield>
            <marc:subfield code="z">Ireland</marc:subfield>
            <marc:subfield code="z">Boyle (Barony)</marc:subfield>
        </marc:datafield>
        <marc:datafield tag="650" ind1=" " ind2=" ">
            <marc:subfield code="a">Land tenure</marc:subfield>
            <marc:subfield code="z">Ireland</marc:subfield>
            <marc:subfield code="z">Boyle (Barony)</marc:subfield>
        </marc:datafield>
        <marc:datafield tag="650" ind1=" " ind2=" ">
            <marc:subfield code="a">Land use surveys</marc:subfield>
            <marc:subfield code="z">Ireland</marc:subfield>
            <marc:subfield code="z">Roscommon (County)</marc:subfield>
        </marc:datafield>
        <marc:datafield tag="650" ind1=" " ind2=" ">
            <marc:subfield code="a">Administration of estates</marc:subfield>
            <marc:subfield code="z">Ireland</marc:subfield>
            <marc:subfield code="z">Roscommon (County)</marc:subfield>
        </marc:datafield>
        <marc:datafield tag="650" ind1=" " ind2=" ">
            <marc:subfield code="a">Boundaries (Estates)</marc:subfield>
            <marc:subfield code="z">Ireland</marc:subfield>
            <marc:subfield code="z">Roscommon (County)</marc:subfield>
        </marc:datafield>
        <marc:datafield tag="650" ind1=" " ind2=" ">
            <marc:subfield code="a">Land tenure</marc:subfield>
            <marc:subfield code="z">Ireland</marc:subfield>
            <marc:subfield code="z">Roscommon (County)</marc:subfield>
        </marc:datafield>
        <marc:datafield tag="651" ind1=" " ind2=" ">
            <marc:subfield code="a">Roscommon (Ireland : County)</marc:subfield>
            <marc:subfield code="v">Maps, Manuscript</marc:subfield>
        </marc:datafield>
        <marc:datafield tag="655" ind1=" " ind2="0">
            <marc:subfield code="a">Manuscript maps</marc:subfield>
        </marc:datafield>
        <marc:datafield tag="700" ind1="1" ind2="0">
            <marc:subfield code="a">Longfield, Robert Ormsby,</marc:subfield>
            <marc:subfield code="d">1844-1908,</marc:subfield>
            <marc:subfield code="e">donor</marc:subfield>
        </marc:datafield>
        <marc:datafield tag="773" ind1="0" ind2=" ">
            <marc:subfield code="i">In collection:</marc:subfield>
            <marc:subfield code="t">Longfield Map Collection</marc:subfield>
            <marc:subfield code="w">(IeDuNL)282687</marc:subfield>
        </marc:datafield>
        <marc:datafield tag="852" ind1=" " ind2=" ">
            <marc:subfield code="a">IeDuNL</marc:subfield>
            <marc:subfield code="b">MS</marc:subfield>
            <marc:subfield code="c">21 F. 44 / (043)</marc:subfield>
        </marc:datafield>
        <marc:datafield tag="949" ind1=" " ind2=" ">
            <marc:subfield code="A">VIRTUAITEM</marc:subfield>
            <marc:subfield code="d">40000</marc:subfield>
            <marc:subfield code="x">24</marc:subfield>
            <marc:subfield code="a">MS 21 F. 44 / (043)</marc:subfield>
        </marc:datafield>
        <marc:datafield tag="996" ind1=" " ind2=" ">
            <marc:subfield code="a">true</marc:subfield>
        </marc:datafield>
    </marc:record>
</marc:collection>
